@BOOK{no,
	author= "no",
	title="none",
	year="2000",
}
@BOOK{folland2013real,
  title={Real analysis: modern techniques and their applications},
  author={Folland, Gerald B},
  year={2013},
  publisher={John Wiley \& Sons}
}
@book{hewitt2012abstract,
  title={Abstract Harmonic Analysis: Volume I Structure of Topological Groups Integration Theory Group Representations},
  author={Hewitt, Edwin and Ross, Kenneth A},
  volume={115},
  year={2012},
  publisher={Springer Science \& Business Media}
}

@book{conway2013course,
	  title={A course in functional analysis},
	  author={Conway, John B},
	  volume={96},
	  year={2013},
	  publisher={Springer Science \& Business Media}
}


@book{blackadar2006operator,
	title={Operator algebras: theory of C*-algebras and von Neumann algebras},
	author={Blackadar, Bruce},
	volume={122},
	year={2006},
	publisher={Springer Science \& Business Media}
}

@book{rudin1991functional,
	title={Functional analysis. International series in pure and applied mathematics},
	author={Rudin, Walter},
	year={1991},
	publisher={McGraw-Hill, Inc., New York}
}

@book{zhu1993introduction,
	  title={An introduction to operator algebras},
	    author={Zhu, Kehe},
	      volume={9},
	        year={1993},
		  publisher={CRC press}
}

