%% LaTeX2e file `bibtest.bib'
%% generated by the `filecontents' environment
%% from source `master' on 2018/02/19.
%%
@article{bko,
  title={C*-simplicity and the unique trace property for discrete groups},
  author={Breuillard, Emmanuel and Kalantar, Mehrdad and Kennedy, Matthew and Ozawa, Narutaka},
  journal={arXiv preprint arXiv:1410.2518},
  year={2014}
}

@book{blackadar,
  title={Operator algebras: theory of C*-algebras and von Neumann algebras},
  author={Blackadar, Bruce},
  volume={122},
  year={2006},
  publisher={Springer Science \& Business Media}
}

@article{powers1975simplicity,
  title={Simplicity of the C*-algebra associated with the free group on two generators},
  author={Powers, Robert T and others},
  journal={Duke Math. J},
  volume={42},
  number={1},
  pages={151--156},
  year={1975}
}


@book{zhu,
  title={An introduction to operator algebras},
  author={Zhu, Kehe},
  volume={9},
  year={1993},
  publisher={CRC press}
}

@article{de2007simplicity,
  title={On simplicity of reduced C*-algebras of groups},
  author={De La Harpe, Pierre},
  journal={Bulletin of the London Mathematical Society},
  volume={39},
  number={1},
  pages={1--26},
  year={2007},
  publisher={Oxford University Press}
}

@misc{rudin1991functional,
  title={Functional analysis. International series in pure and applied mathematics},
  author={Rudin, Walter},
  year={1991},
  publisher={McGraw-Hill, Inc., New York}
}

@book{brown2008c,
  title={C*-algebras and finite-dimensional approximations},
  author={Brown, Nathanial Patrick and Ozawa, Narutaka},
  volume={88},
  year={2008},
  publisher={American Mathematical Soc.}
}

@book{folland2013real,
  title={Real analysis: modern techniques and their applications},
  author={Folland, Gerald B},
  year={2013},
  publisher={John Wiley \& Sons}
}

@article{furman2003minimal,
  title={On minimal, strongly proximal actions of locally compact groups},
  author={Furman, Alex},
  journal={Israel Journal of Mathematics},
  volume={136},
  number={1},
  pages={173--187},
  year={2003},
  publisher={Springer}
}

@article{le2015c,
  title={C*-simplicity and the amenable radical},
  author={Le Boudec, ADRIEN},
  journal={arXiv preprint arXiv:1507.03452},
  year={2015}
}
@book{MI,
  title={Measure theory},
  author={Hansen, Ernst},
  year={2006},
  publisher={University of Copenhagen}
}

@article{haagerup2015new,
  title={A new look at C*-simplicity and the unique trace property of a group},
  author={Haagerup, Uffe},
  journal={arXiv preprint arXiv:1509.05880},
  year={2015}
}


