@BOOK{folland2013real,
  title={Real analysis: modern techniques and their applications},
  author={Folland, Gerald B},
  year={2013},
  publisher={John Wiley \& Sons}
}
@book{hewitt2012abstract,
  title={Abstract Harmonic Analysis: Volume I Structure of Topological Groups Integration Theory Group Representations},
  author={Hewitt, Edwin and Ross, Kenneth A},
  volume={115},
  year={2012},
  publisher={Springer Science \& Business Media}
}

@book{conway2013course,
	  title={A course in functional analysis},
	  author={Conway, John B},
	  volume={96},
	  year={2013},
	  publisher={Springer Science \& Business Media}
}


@book{blackadar2006operator,
	title={Operator algebras: theory of C*-algebras and von Neumann algebras},
	author={Blackadar, Bruce},
	volume={122},
	year={2006},
	publisher={Springer Science \& Business Media}
}

@book{rudin1991functional,
	title={Functional analysis. International series in pure and applied mathematics},
	author={Rudin, Walter},
	year={1991},
	publisher={McGraw-Hill, Inc., New York}
}

@book{zhu1993introduction,
	  title={An introduction to operator algebras},
	    author={Zhu, Kehe},
	      volume={9},
	        year={1993},
		  publisher={CRC press}
}

@inproceedings{genbd,
  title={Algorithmic stability and generalization performance},
  author={Bousquet, Olivier and Elisseeff, Andr{\'e}},
  booktitle={Advances in Neural Information Processing Systems},
  pages={196--202},
  year={2001}
}


@unpublished{self,
	author	= {Malthe Munk Karbo},
	title	= {Fourier Analysis And The Theory Of Representations In Topological Groups},
	year	= {2018},
	note	= {Master's project},
}


@book{vapnik,
		title={Statistical learning theory. 1998},
		author={Vapnik, Vladimir},
		year={1998},
		publisher={Wiley, New York}
}

@book{abu,
	title={Learning from data},
	author={Abu-Mostafa, Yaser S and Magdon-Ismail, Malik and Lin, Hsuan-Tien},
	volume={4},
	year={2012},
	publisher={AMLBook New York, NY, USA:}
}

@article{no,
	  title={A correspondence between Bayesian estimation on stochastic processes and smoothing by splines},
	    author={Kimeldorf, George S and Wahba, Grace},
	      journal={The Annals of Mathematical Statistics},
	        volume={41},
		  number={2},
		    pages={495--502},
		      year={1970},
		        publisher={JSTOR}
}
@book{smola,
	  title={Learning with kernels: support vector machines, regularization, optimization, and beyond},
	    author={Sch{\"o}lkopf, Bernhard and Smola, Alexander J},
	      year={2002},
	        publisher={MIT press}
}


@book{ACIAHA,
	  title={A course in abstract harmonic analysis},
	    author={Folland, Gerald B},
	      volume={29},
	        year={2016},
		  publisher={CRC press}
}

