%% LaTeX2e file `bibtest.bib'
%% generated by the `filecontents' environment
%% from source `projektet' on 2018/04/25.
%%
@misc{rudin1991functional,
  title={Functional analysis. International series in pure and applied mathematics},
  author={Rudin, Walter},
  year={1991},
  publisher={McGraw-Hill, Inc., New York}
}

@book{conway2013course,
  title={A course in functional analysis},
  author={Conway, John B},
  volume={96},
  year={2013},
  publisher={Springer Science \& Business Media}
}
@article{pryce1966weak,
  title={Weak compactness in locally convex spaces},
  author={Pryce, JD},
  journal={Proceedings of the American Mathematical Society},
  volume={17},
  number={1},
  pages={148--155},
  year={1966},
  publisher={JSTOR}
}
@book{dunford1971linear,
  title={Linear operators},
  author={Dunford, Nelson and Schwartz, Jacob T and Bade, William G and Bartle, Robert G},
  year={1971},
  publisher={Wiley-interscience New York}
}

@article{Franklin1999,
        author = {Allen Franklin and Karjalainen Risto},
         title = {Using genetic algorithms to find technical trading rules},
          year = 1999,
        volume = 51,
         pages = {245--271},
  journaltitle = {Journal of Financial Economics}
}

@book{funkannotes,
  title={Notes for Functional Analysis 2015},
  author={Magdalena E. Musat},
  year={2015}
}
@book{folland2013real,
  title={Real analysis: modern techniques and their applications},
  author={Folland, Gerald B},
  year={2013},
  publisher={John Wiley \& Sons}
}

